@article{pirk0,
	author     = {Livny, Yotam and Pirk, Soeren and Cheng, Zhanglin and Yan, Feilong 
	           and Deussen, Oliver and Cohen-Or, Daniel and Chen, Baoquan},
	title      = {Texture-lobes for tree modelling},
	journal    = {ACM Trans. Graph.},
	issue_date = {July 2011},
	volume     = {30},
	issue      = {4},
	month      = {August},
	year       = {2011},
	issn       = {0730-0301},
	pages      = {53:1--53:10},
	articleno  = {53},
	numpages   = {10},
	url        = {http://doi.acm.org/10.1145/2010324.1964948},
	doi        = {http://doi.acm.org/10.1145/2010324.1964948},
	acmid      = {1964948},
	publisher  = {ACM},
	address    = {New York, NY, USA},
	keywords   = {natural phenomena, plants synthesis and reconstruction, 
	           point-based modeling, rule-based tree modeling}
}